2694 4396
191 477 250 534 102
634 461 843 530 NEMEA.

190 728 298 796 victori
310 727 343 792 in
356 725 454 791 decus
472 724 522 812 (nd
534 721 708 788 ornandum
720 721 882 805 victorem)
899 721 926 786 si
941 741 1003 807 que
1019 721 1083 786 ulte
1093 741 1172 784 voce
1184 719 1252 786 in·

186 964 291 1032 sonui.
332 961 411 1028 Non
436 961 572 1028 difficilis
592 979 664 1026 enm
685 957 726 1024 ed
747 957 982 1044 persolvendum
1009 909 1138 1044 (leuues,
1161 979 1246 1044 quoe

188 1201 342 1268 debentur
365 1194 439 1264 viris
464 1193 609 1280 meritis).
637 1193 786 1260 Nectere
811 1213 939 1258 coronas
966 1193 1134 1274 (frondens)
1165 1194 1242 1258 leve

189 1444 249 1505 est.
291 1431 459 1518 Exspecta.
502 1427 598 1496 Musa
612 1427 668 1492 tibi
683 1426 904 1494 nectitnurnm
917 1427 1144 1516 candidumque
1154 1429 1241 1498 ebur

189 1694 252 1740 nnn
280 1691 466 1758 suavemque
480 1669 586 1734 florem
611 1665 669 1730 snb
692 1664 812 1730 marino
837 1664 1017 1752 decerptum
1038 1687 1105 1730 rore
1130 1675 1234 1752 (eoru
1340 1655 1341 1662 '

189 1901 295 2002 lium).
315 1935 362 1948 -
382 1897 420 1962 ln
435 1895 524 1960 Jovis
539 1915 610 1959 vero
633 1893 827 1958 mentionem
842 1895 1001 1980 prolapsus
1013 1904 1138 1982 propter
1160 1895 1231 1959 Ne-

190 2159 304 2218 meam,
320 2138 471 2204 celebrem
482 2136 670 2222 hymnorum
683 2154 796 2199 sonum
810 2155 902 2198 move
919 2144 952 2220 (ο
968 2135 1085 2214 anime)
1098 2133 1231 2222 placide.

188 2375 309 2458 Regem
324 2373 408 2438 euim
423 2372 551 2440 deomm
568 2371 659 2438 decet
673 2369 781 2438 soloin
795 2371 891 2437 hocce
903 2373 1063 2458 (Nemeae)
1078 2373 1230 2438 celebrare

186 2608 291 2676 divine
314 2630 400 2674 voce.
443 2608 544 2674 Aiunt
569 2608 654 2674 enim
678 2609 781 2698 ipsum
794 2608 1228 2696 (Jovem)a·mntre·excepto

187 2839 306 2908 semine
319 2839 461 2924 genuisse
485 2838 639 2922 AEecum,.
649 2879 692 2890 -
707 2861 788 2906 mese
818 2840 941 2924 (immo,
957 2845 1082 2924 vestrm)
1096 2839 1224 2928 quidem

189 3076 423 3162 gnbemntorem
438 3074 564 3140 illustris
575 3075 695 3162 patriae,
704 3067 867 3164 tuumque,
878 3100 899 3143 o
914 3069 1079 3158 Herculesj
1091 3079 1222 3141 benevo-

184 3311 256 3373 1um
270 3306 422 3393 hospitem
438 3308 635 3392 fratremque.
657 3301 692 3372 si
702 3308 946 3374 veroutssitatem
960 3311 1041 3397 capit
1049 3332 1088 3376 ex
1101 3309 1221 3374 homine

163 3527 302 3608 'homor
336 3543 411 3632 quid
435 3511 576 3610 dicemus
599 3532 750 3626 sucinum,
776 3545 880 3612 animo
912 3546 1032 3611 intento
1057 3555 1220 3626 ementem,
