2648 4374
176 445 239 503 246
571 437 831 504 ISTHMIA.

178 695 327 784 quicquid
350 717 414 762 non
429 697 589 784 sapientiae
613 701 720 764 florem
747 717 906 761 summum
924 699 1040 780 (poetae
1056 704 1164 762 artem
1184 718 1247 760 ex·
1297 755 1298 760 ,

181 928 390 1019 quiaitiorem)
418 937 594 995 assecutum
621 927 724 1008 fuerit,
749 935 785 992 ut
808 926 924 993 inclitis
947 927 1121 992 carminum
1158 926 1241 992 rivis
1297 955 1298 1028 ᾗ

180 1159 408 1248 (libationibus)
431 1159 637 1226 admisceatur
665 1159 869 1241 (carminibus
892 1161 1087 1239 celebretur).
1135 1157 1232 1223 Cho·

177 1399 388 1466 rem-institue
398 1399 504 1484 igitur,
514 1398 674 1464 dulcisono
686 1418 760 1462 cum
775 1399 904 1483 hymno,
913 1396 1008 1463 etiam
1022 1395 1229 1481 Strepsiadae.
1297 1427 1298 1442 2

177 1635 328 1722 Reportat
349 1637 432 1702 enim
457 1658 494 1701 ex
522 1636 643 1701 isthmo
673 1635 833 1702 victoriam
861 1635 1027 1722 pancratii,
1052 1596 1228 1720 roboreque

177 1872 347 1958 stupendus
374 1872 583 1957 adspectuque
603 1873 777 1950 formosum
808 1870 964 1954 habetque
989 1870 1136 1934 virtutem
1161 1891 1226 1933 non

172 2109 354 2176 deteriorem
376 2129 502 2194 corpore
513 2131 523 2188 3
545 2147 590 2160 -
608 2107 840 2194 illustraturque
862 2129 918 2194 per
942 2108 1223 2174 violaceis-comis-
1297 2175 1298 2184 ,

177 2351 302 2410 umatus
314 2343 447 2425 Musam
478 2345 692 2430 avunculoque
716 2345 897 2430 cognomini
920 2345 1025 2410 attulit
1054 2366 1222 2444 commune
1297 2433 1298 2436 Ἴ

178 2582 288 2662 decua3
312 2579 658 2666 aereo·clipeo·insignis
673 2579 727 2645 cui
741 2589 873 2646 mortem
893 2581 980 2645 Mars
994 2580 1110 2646 intulit.
1159 2582 1221 2646 Sed
1297 2541 1298 2580 i

179 2815 276 2903 gloria
297 2817 387 2882 bonis
408 2817 542 2903 reposita
563 2826 620 2882 est.
665 2817 751 2883 Sciat
773 2815 858 2882 enim
880 2826 976 2899 certo,
992 2819 1172 2904 quicunque
1186 2820 1221 2884 in

46 3115 48 3118 ,
176 3017 235 3115 hac
250 3053 335 3116 nube
345 3051 528 3136 grandinem
538 3049 632 3116 caedis
644 3072 663 3115 a
674 3071 742 3116 cara
756 3050 853 3136 patria
865 3015 1080 3138 propulsat-
1089 3052 1217 3118 eutium

178 3293 315 3351 avertens
329 3285 363 3350 in
377 3284 522 3352 hostilem
538 3284 722 3366 exercitum,
737 3283 818 3372 apud
834 3287 917 3352 cives
939 3288 1026 3374 stirpi
1048 3289 1213 3356 maximam

178 3523 308 3606 gloriam
324 3527 387 3606 (se)
400 3527 594 3592 accumulare
609 3534 672 3599 tam
686 3524 840 3590 viventem
855 3546 947 3610 quam
961 3534 1128 3592 mortuum.
1162 3525 1209 3590 'l'u
