2648 4374
456 473 695 542 CARMEN
717 473 758 537 V.
1079 478 1141 538 225

92 738 214 830 uiloquu
229 740 336 829 lingua
365 737 443 805 mihi
452 735 559 824 jacula
575 733 710 818 (leudes)
724 732 820 817 habet·
846 729 885 796 de
899 728 960 795 iiiis
990 725 1139 814 rouundi3

94 950 191 1013 etiam
209 971 294 1014 nunc
309 950 342 1012 in
357 948 438 1012 bello
453 944 557 1010 testari
565 950 674 1050 *potest
685 942 758 1006 urbs
772 940 890 1026 Ajacis,
903 943 1020 1002 servate
1030 933 1137 998 ucles·

95 1151 193 1217 siariis
207 1191 252 1202 -
266 1151 299 1216 in
316 1117 599 1228 multum-exitiali,
611 1145 852 1226 Salamis,Jovis
863 1144 972 1226 imbre,
988 1099 1136 1208 intrume-

100 1355 245 1420 rabilium
260 1352 427 1420 hominum
441 1351 627 1436 grandinosa
640 1349 736 1416 caede.
780 1347 844 1413 Sed
857 1357 964 1412 tamen
979 1341 1137 1430 gloriatio·

97 1579 170 1622 nem
185 1558 348 1641 submerge
362 1525 497 1622 sileritio.
518 1555 644 1642 Jupiter
657 1556 727 1620 hoec
747 1563 785 1620 et
800 1554 852 1619 illa
870 1551 1021 1637 (secunda
1035 1558 1067 1616 et
1080 1547 1136 1612 ud·

97 1754 194 1837 versa)
211 1751 379 1834 distribuit,
393 1753 528 1840 Jupiter,
543 1753 687 1820 omnium
702 1751 860 1819 dominus.
884 1749 989 1817 Mellis
999 1768 1071 1812 vero
1085 1744 1137 1811 in·

97 1964 160 2019 star
174 1955 337 2020 amabilem
345 1954 523 2040 hujusmodi
533 1955 626 2022 etiam
636 1957 746 2021 decora
760 1953 910 2040 (victorioe
918 1953 1140 2018 certaminibus

98 2157 207 2240 partae)
222 2155 391 2240 epinicium
406 2155 561 2240 hymnum
575 2164 693 2221 amant.
707 2153 883 2222 Contendat
895 2154 1048 2242 quispiam
1064 2154 1140 2220 allu-

100 2359 210 2422 borans
228 2359 410 2441 (certamina
423 2360 635 2447 frequentans)
654 2357 737 2423 -de
750 2359 981 2439 certaminibus,
996 2358 1035 2424 de
1042 2364 1136 2443 gente

103 2556 242 2622 Cleonici
256 2559 311 2623 ubi
325 2557 507 2624 inaudiverit
525 2561 637 2646 (certet
653 2556 731 2623 mihi
757 2557 828 2644 quis
843 2579 917 2623 cum
932 2579 968 2624 eu
993 2558 1138 2625 victoria-

104 2781 172 2826 rum
188 2762 344 2847 numero).
367 2763 442 2827 Non
457 2764 594 2850 profecto
621 2763 777 2828 involutus
807 2763 940 2832 tenebris
956 2773 1004 2828 est
1026 2765 1139 2848 longus

104 2961 188 3025 labor
202 2962 348 3043 virorum,
372 2984 484 3048 neque,
499 2971 625 3047 quantae
647 2963 848 3052 impeusaeud
871 2964 1057 3050 potiundam
1085 2985 1140 3049 spe

109 3165 209 3247 (factu
219 3162 360 3247 fuerint),
369 3164 508 3228 stimulat
518 3187 623 3230 curam
633 3175 750 3252 (neque
758 3167 967 3254 impensarum
982 3168 1143 3254 poeuitet).

107 3363 212 3428 iruudo
227 3365 334 3446 etiam,
349 3364 499 3450 Pytheam
515 3365 596 3432 inter
611 3369 1008 3436 membrorum-domitores
1032 3371 1145 3456 (athie-

108 3579 344 3667 tar)Phyiacidae
360 3586 518 3670 plagarum
529 3607 654 3652 cursum
662 3587 975 3680 direxisse,jmanibus
987 3590 1144 3670 dextrum,

193 3776 265 3820 vor.
291 3777 325 3820 rr.
674 3781 695 3824 <r
716 3784 738 3846 g
799 3791 805 3805 =
